<?xml version="1.0" encoding="UTF-8"?><collection xmlns="http://www.loc.gov/MARC21/slim"><record><leader>00603nam--2200217-u-4500</leader><controlfield tag="001">000051131</controlfield><controlfield tag="002">20161230</controlfield><controlfield tag="005">20161230201049</controlfield><controlfield tag="008">080522s1000------------r-----000-0-eng-d</controlfield><datafield ind1=" " ind2=" " tag="020"><subfield code="a">3-540-00551-x</subfield></datafield><datafield ind1=" " ind2=" " tag="040"><subfield code="a">IFIN-HH</subfield></datafield><datafield ind1=" " ind2=" " tag="080"><subfield code="a">519.8</subfield></datafield><datafield ind1="1" ind2=" " tag="100"><subfield code="a">Verdegay, Jose-Luis (Ed.)</subfield></datafield><datafield ind1="1" ind2=" " tag="245"><subfield code="a">Fuzzy Sets Based Heuristics for Optimization</subfield></datafield><datafield ind1=" " ind2=" " tag="260"><subfield code="a">Berlin</subfield><subfield code="b">Springer - Verlag</subfield><subfield code="c">2003</subfield></datafield><datafield ind1=" " ind2=" " tag="300"><subfield code="a">351 p</subfield></datafield><datafield ind1=" " ind2=" " tag="490"><subfield code="a">Studies in Fuzzieness and Soft Computing</subfield><subfield code="v">vol. 126</subfield></datafield><datafield ind1=" " ind2="4" tag="650"><subfield code="a">Computer algorithms</subfield></datafield><datafield ind1="1" ind2=" " tag="700"><subfield code="a">Jose-Luis Vergegay</subfield></datafield><datafield ind1=" " ind2=" " tag="852"><subfield code="a">82001</subfield><subfield code="c">519.2</subfield></datafield><datafield ind1=" " ind2=" " tag="CAT"><subfield code="a">Sys</subfield><subfield code="c">20100621</subfield><subfield code="h">135807</subfield></datafield></record></collection>